%YAML 1.1
%TAG !u! tag:unity3d.com,2011:
--- !u!1 &799527825227129882
GameObject:
  m_ObjectHideFlags: 0
  m_CorrespondingSourceObject: {fileID: 0}
  m_PrefabInstance: {fileID: 0}
  m_PrefabAsset: {fileID: 0}
  serializedVersion: 6
  m_Component:
  - component: {fileID: 4789907284874085939}
  - component: {fileID: 7303650233681226613}
  m_Layer: 0
  m_Name: WestConnector (1)
  m_TagString: Untagged
  m_Icon: {fileID: 0}
  m_NavMeshLayer: 0
  m_StaticEditorFlags: 0
  m_IsActive: 1
--- !u!4 &4789907284874085939
Transform:
  m_ObjectHideFlags: 0
  m_CorrespondingSourceObject: {fileID: 0}
  m_PrefabInstance: {fileID: 0}
  m_PrefabAsset: {fileID: 0}
  m_GameObject: {fileID: 799527825227129882}
  m_LocalRotation: {x: 0, y: 1, z: 0, w: 0}
  m_LocalPosition: {x: 29, y: 20, z: -39}
  m_LocalScale: {x: 1, y: 1, z: 1}
  m_Children:
  - {fileID: 6283077057248277521}
  m_Father: {fileID: 717425491753343525}
  m_RootOrder: 3
  m_LocalEulerAnglesHint: {x: 0, y: 180, z: 0}
--- !u!114 &7303650233681226613
MonoBehaviour:
  m_ObjectHideFlags: 0
  m_CorrespondingSourceObject: {fileID: 0}
  m_PrefabInstance: {fileID: 0}
  m_PrefabAsset: {fileID: 0}
  m_GameObject: {fileID: 799527825227129882}
  m_Enabled: 1
  m_EditorHideFlags: 0
  m_Script: {fileID: 11500000, guid: a91ce14f13b439b418e4b93f6982c941, type: 3}
  m_Name: 
  m_EditorClassIdentifier: 
  connectedTo: {fileID: 0}
  size: 8
  connectedGo: {fileID: 0}
  sealedGo: {fileID: 9058743556006228639}
--- !u!1 &2411990475448886071
GameObject:
  m_ObjectHideFlags: 0
  m_CorrespondingSourceObject: {fileID: 0}
  m_PrefabInstance: {fileID: 0}
  m_PrefabAsset: {fileID: 0}
  serializedVersion: 6
  m_Component:
  - component: {fileID: 717425491753343525}
  - component: {fileID: 7903935401843733957}
  m_Layer: 0
  m_Name: Room.003
  m_TagString: Untagged
  m_Icon: {fileID: 0}
  m_NavMeshLayer: 0
  m_StaticEditorFlags: 0
  m_IsActive: 1
--- !u!4 &717425491753343525
Transform:
  m_ObjectHideFlags: 0
  m_CorrespondingSourceObject: {fileID: 0}
  m_PrefabInstance: {fileID: 0}
  m_PrefabAsset: {fileID: 0}
  m_GameObject: {fileID: 2411990475448886071}
  m_LocalRotation: {x: 0, y: 0, z: 0, w: 1}
  m_LocalPosition: {x: 0, y: 0, z: 0}
  m_LocalScale: {x: 1, y: 1, z: 1}
  m_Children:
  - {fileID: 7176583662439162106}
  - {fileID: 3073498977301763209}
  - {fileID: 8933892004807554740}
  - {fileID: 4789907284874085939}
  m_Father: {fileID: 0}
  m_RootOrder: 0
  m_LocalEulerAnglesHint: {x: 0, y: 0, z: 0}
--- !u!114 &7903935401843733957
MonoBehaviour:
  m_ObjectHideFlags: 0
  m_CorrespondingSourceObject: {fileID: 0}
  m_PrefabInstance: {fileID: 0}
  m_PrefabAsset: {fileID: 0}
  m_GameObject: {fileID: 2411990475448886071}
  m_Enabled: 1
  m_EditorHideFlags: 0
  m_Script: {fileID: 11500000, guid: d0151da25dd1efd4b801f42caca19650, type: 3}
  m_Name: 
  m_EditorClassIdentifier: 
--- !u!1 &3254275743778873534
GameObject:
  m_ObjectHideFlags: 0
  m_CorrespondingSourceObject: {fileID: 0}
  m_PrefabInstance: {fileID: 0}
  m_PrefabAsset: {fileID: 0}
  serializedVersion: 6
  m_Component:
  - component: {fileID: 7176583662439162106}
  - component: {fileID: 4454680181011380945}
  - component: {fileID: 8131371123003283749}
  - component: {fileID: 6509338010159754055}
  m_Layer: 0
  m_Name: Room.003(Clone)
  m_TagString: Untagged
  m_Icon: {fileID: 0}
  m_NavMeshLayer: 0
  m_StaticEditorFlags: 0
  m_IsActive: 1
--- !u!4 &7176583662439162106
Transform:
  m_ObjectHideFlags: 0
  m_CorrespondingSourceObject: {fileID: 0}
  m_PrefabInstance: {fileID: 0}
  m_PrefabAsset: {fileID: 0}
  m_GameObject: {fileID: 3254275743778873534}
  m_LocalRotation: {x: -0.7071068, y: -0, z: -0, w: 0.7071067}
  m_LocalPosition: {x: 0, y: 0, z: 0}
  m_LocalScale: {x: 100, y: 100, z: 100}
  m_Children: []
  m_Father: {fileID: 717425491753343525}
  m_RootOrder: 0
  m_LocalEulerAnglesHint: {x: 0, y: 0, z: 0}
--- !u!33 &4454680181011380945
MeshFilter:
  m_ObjectHideFlags: 0
  m_CorrespondingSourceObject: {fileID: 0}
  m_PrefabInstance: {fileID: 0}
  m_PrefabAsset: {fileID: 0}
  m_GameObject: {fileID: 3254275743778873534}
  m_Mesh: {fileID: -7194535320391010713, guid: e575820feb6214f409c17493e6c52bb9, type: 3}
--- !u!23 &8131371123003283749
MeshRenderer:
  m_ObjectHideFlags: 0
  m_CorrespondingSourceObject: {fileID: 0}
  m_PrefabInstance: {fileID: 0}
  m_PrefabAsset: {fileID: 0}
  m_GameObject: {fileID: 3254275743778873534}
  m_Enabled: 1
  m_CastShadows: 1
  m_ReceiveShadows: 1
  m_DynamicOccludee: 1
  m_MotionVectors: 1
  m_LightProbeUsage: 1
  m_ReflectionProbeUsage: 1
  m_RayTracingMode: 2
  m_RayTraceProcedural: 0
  m_RenderingLayerMask: 1
  m_RendererPriority: 0
  m_Materials:
  - {fileID: 2100000, guid: 31321ba15b8f8eb4c954353edc038b1d, type: 2}
  m_StaticBatchInfo:
    firstSubMesh: 0
    subMeshCount: 0
  m_StaticBatchRoot: {fileID: 0}
  m_ProbeAnchor: {fileID: 0}
  m_LightProbeVolumeOverride: {fileID: 0}
  m_ScaleInLightmap: 1
  m_ReceiveGI: 1
  m_PreserveUVs: 0
  m_IgnoreNormalsForChartDetection: 0
  m_ImportantGI: 0
  m_StitchLightmapSeams: 1
  m_SelectedEditorRenderState: 3
  m_MinimumChartSize: 4
  m_AutoUVMaxDistance: 0.5
  m_AutoUVMaxAngle: 89
  m_LightmapParameters: {fileID: 0}
  m_SortingLayerID: 0
  m_SortingLayer: 0
  m_SortingOrder: 0
  m_AdditionalVertexStreams: {fileID: 0}
--- !u!64 &6509338010159754055
MeshCollider:
  m_ObjectHideFlags: 0
  m_CorrespondingSourceObject: {fileID: 0}
  m_PrefabInstance: {fileID: 0}
  m_PrefabAsset: {fileID: 0}
  m_GameObject: {fileID: 3254275743778873534}
  m_Material: {fileID: 0}
  m_IsTrigger: 0
  m_Enabled: 1
  serializedVersion: 4
  m_Convex: 0
  m_CookingOptions: 30
  m_Mesh: {fileID: -7194535320391010713, guid: e575820feb6214f409c17493e6c52bb9, type: 3}
--- !u!1 &4359068356860921463
GameObject:
  m_ObjectHideFlags: 0
  m_CorrespondingSourceObject: {fileID: 0}
  m_PrefabInstance: {fileID: 0}
  m_PrefabAsset: {fileID: 0}
  serializedVersion: 6
  m_Component:
  - component: {fileID: 8933892004807554740}
  - component: {fileID: 1791275084460554912}
  m_Layer: 0
  m_Name: WestConnector
  m_TagString: Untagged
  m_Icon: {fileID: 0}
  m_NavMeshLayer: 0
  m_StaticEditorFlags: 0
  m_IsActive: 1
--- !u!4 &8933892004807554740
Transform:
  m_ObjectHideFlags: 0
  m_CorrespondingSourceObject: {fileID: 0}
  m_PrefabInstance: {fileID: 0}
  m_PrefabAsset: {fileID: 0}
  m_GameObject: {fileID: 4359068356860921463}
  m_LocalRotation: {x: -0, y: -0, z: -0, w: 1}
  m_LocalPosition: {x: -6, y: 0, z: 1}
  m_LocalScale: {x: 1, y: 1, z: 1}
  m_Children:
  - {fileID: 7790307046970335670}
  m_Father: {fileID: 717425491753343525}
  m_RootOrder: 2
  m_LocalEulerAnglesHint: {x: 0, y: 0, z: 0}
--- !u!114 &1791275084460554912
MonoBehaviour:
  m_ObjectHideFlags: 0
  m_CorrespondingSourceObject: {fileID: 0}
  m_PrefabInstance: {fileID: 0}
  m_PrefabAsset: {fileID: 0}
  m_GameObject: {fileID: 4359068356860921463}
  m_Enabled: 1
  m_EditorHideFlags: 0
  m_Script: {fileID: 11500000, guid: a91ce14f13b439b418e4b93f6982c941, type: 3}
  m_Name: 
  m_EditorClassIdentifier: 
  connectedTo: {fileID: 0}
  size: 8
  connectedGo: {fileID: 0}
  sealedGo: {fileID: 5087480930152425272}
--- !u!1 &8434523078192455337
GameObject:
  m_ObjectHideFlags: 0
  m_CorrespondingSourceObject: {fileID: 0}
  m_PrefabInstance: {fileID: 0}
  m_PrefabAsset: {fileID: 0}
  serializedVersion: 6
  m_Component:
  - component: {fileID: 2689049218202671483}
  - component: {fileID: 6089032980557762707}
  m_Layer: 0
  m_Name: Print
  m_TagString: Footprint
  m_Icon: {fileID: 0}
  m_NavMeshLayer: 0
  m_StaticEditorFlags: 0
  m_IsActive: 1
--- !u!4 &2689049218202671483
Transform:
  m_ObjectHideFlags: 0
  m_CorrespondingSourceObject: {fileID: 0}
  m_PrefabInstance: {fileID: 0}
  m_PrefabAsset: {fileID: 0}
  m_GameObject: {fileID: 8434523078192455337}
  m_LocalRotation: {x: -0, y: -0, z: -0, w: 1}
  m_LocalPosition: {x: 0, y: 0, z: 0}
  m_LocalScale: {x: 1, y: 1, z: 1}
  m_Children: []
  m_Father: {fileID: 3073498977301763209}
  m_RootOrder: 0
  m_LocalEulerAnglesHint: {x: 0, y: 0, z: 0}
--- !u!65 &6089032980557762707
BoxCollider:
  m_ObjectHideFlags: 0
  m_CorrespondingSourceObject: {fileID: 0}
  m_PrefabInstance: {fileID: 0}
  m_PrefabAsset: {fileID: 0}
  m_GameObject: {fileID: 8434523078192455337}
  m_Material: {fileID: 0}
  m_IsTrigger: 1
  m_Enabled: 1
  serializedVersion: 2
  m_Size: {x: 95, y: 200, z: 39}
  m_Center: {x: 16, y: 0, z: -19}
--- !u!1 &8621222651793973508
GameObject:
  m_ObjectHideFlags: 0
  m_CorrespondingSourceObject: {fileID: 0}
  m_PrefabInstance: {fileID: 0}
  m_PrefabAsset: {fileID: 0}
  serializedVersion: 6
  m_Component:
  - component: {fileID: 3073498977301763209}
  m_Layer: 0
  m_Name: Footprint
  m_TagString: Footprint
  m_Icon: {fileID: 0}
  m_NavMeshLayer: 0
  m_StaticEditorFlags: 0
  m_IsActive: 1
--- !u!4 &3073498977301763209
Transform:
  m_ObjectHideFlags: 0
  m_CorrespondingSourceObject: {fileID: 0}
  m_PrefabInstance: {fileID: 0}
  m_PrefabAsset: {fileID: 0}
  m_GameObject: {fileID: 8621222651793973508}
  m_LocalRotation: {x: -0, y: -0, z: -0, w: 1}
  m_LocalPosition: {x: 0, y: 0, z: 0}
  m_LocalScale: {x: 1, y: 1, z: 1}
  m_Children:
  - {fileID: 2689049218202671483}
  m_Father: {fileID: 717425491753343525}
  m_RootOrder: 1
  m_LocalEulerAnglesHint: {x: 0, y: 0, z: 0}
--- !u!1001 &764581897081375402
PrefabInstance:
  m_ObjectHideFlags: 0
  serializedVersion: 2
  m_Modification:
    m_TransformParent: {fileID: 4789907284874085939}
    m_Modifications:
    - target: {fileID: 6750243162705002171, guid: 3936c72d4e52e4c48b86bfab56ba9cb2, type: 3}
      propertyPath: m_RootOrder
      value: 0
      objectReference: {fileID: 0}
    - target: {fileID: 6750243162705002171, guid: 3936c72d4e52e4c48b86bfab56ba9cb2, type: 3}
      propertyPath: m_LocalPosition.x
      value: 0
      objectReference: {fileID: 0}
    - target: {fileID: 6750243162705002171, guid: 3936c72d4e52e4c48b86bfab56ba9cb2, type: 3}
      propertyPath: m_LocalPosition.y
      value: 0
      objectReference: {fileID: 0}
    - target: {fileID: 6750243162705002171, guid: 3936c72d4e52e4c48b86bfab56ba9cb2, type: 3}
      propertyPath: m_LocalPosition.z
      value: -0.540001
      objectReference: {fileID: 0}
    - target: {fileID: 6750243162705002171, guid: 3936c72d4e52e4c48b86bfab56ba9cb2, type: 3}
      propertyPath: m_LocalRotation.w
      value: 0
      objectReference: {fileID: 0}
    - target: {fileID: 6750243162705002171, guid: 3936c72d4e52e4c48b86bfab56ba9cb2, type: 3}
      propertyPath: m_LocalRotation.x
      value: -0
      objectReference: {fileID: 0}
    - target: {fileID: 6750243162705002171, guid: 3936c72d4e52e4c48b86bfab56ba9cb2, type: 3}
      propertyPath: m_LocalRotation.y
      value: 1
      objectReference: {fileID: 0}
    - target: {fileID: 6750243162705002171, guid: 3936c72d4e52e4c48b86bfab56ba9cb2, type: 3}
      propertyPath: m_LocalRotation.z
      value: -0
      objectReference: {fileID: 0}
    - target: {fileID: 6750243162705002171, guid: 3936c72d4e52e4c48b86bfab56ba9cb2, type: 3}
      propertyPath: m_LocalEulerAnglesHint.x
      value: 0
      objectReference: {fileID: 0}
    - target: {fileID: 6750243162705002171, guid: 3936c72d4e52e4c48b86bfab56ba9cb2, type: 3}
      propertyPath: m_LocalEulerAnglesHint.y
      value: 90
      objectReference: {fileID: 0}
    - target: {fileID: 6750243162705002171, guid: 3936c72d4e52e4c48b86bfab56ba9cb2, type: 3}
      propertyPath: m_LocalEulerAnglesHint.z
      value: 0
      objectReference: {fileID: 0}
    - target: {fileID: 8587036742906214453, guid: 3936c72d4e52e4c48b86bfab56ba9cb2, type: 3}
      propertyPath: m_Name
      value: Blastdoor
      objectReference: {fileID: 0}
    m_RemovedComponents: []
  m_SourcePrefab: {fileID: 100100000, guid: 3936c72d4e52e4c48b86bfab56ba9cb2, type: 3}
--- !u!1 &9058743556006228639 stripped
GameObject:
  m_CorrespondingSourceObject: {fileID: 8587036742906214453, guid: 3936c72d4e52e4c48b86bfab56ba9cb2, type: 3}
  m_PrefabInstance: {fileID: 764581897081375402}
  m_PrefabAsset: {fileID: 0}
--- !u!4 &6283077057248277521 stripped
Transform:
  m_CorrespondingSourceObject: {fileID: 6750243162705002171, guid: 3936c72d4e52e4c48b86bfab56ba9cb2, type: 3}
  m_PrefabInstance: {fileID: 764581897081375402}
  m_PrefabAsset: {fileID: 0}
--- !u!1001 &3580665823505276685
PrefabInstance:
  m_ObjectHideFlags: 0
  serializedVersion: 2
  m_Modification:
    m_TransformParent: {fileID: 8933892004807554740}
    m_Modifications:
    - target: {fileID: 6750243162705002171, guid: 3936c72d4e52e4c48b86bfab56ba9cb2, type: 3}
      propertyPath: m_RootOrder
      value: 0
      objectReference: {fileID: 0}
    - target: {fileID: 6750243162705002171, guid: 3936c72d4e52e4c48b86bfab56ba9cb2, type: 3}
      propertyPath: m_LocalPosition.x
      value: 0
      objectReference: {fileID: 0}
    - target: {fileID: 6750243162705002171, guid: 3936c72d4e52e4c48b86bfab56ba9cb2, type: 3}
      propertyPath: m_LocalPosition.y
      value: 0
      objectReference: {fileID: 0}
    - target: {fileID: 6750243162705002171, guid: 3936c72d4e52e4c48b86bfab56ba9cb2, type: 3}
      propertyPath: m_LocalPosition.z
      value: -0.540001
      objectReference: {fileID: 0}
    - target: {fileID: 6750243162705002171, guid: 3936c72d4e52e4c48b86bfab56ba9cb2, type: 3}
      propertyPath: m_LocalRotation.w
      value: 0
      objectReference: {fileID: 0}
    - target: {fileID: 6750243162705002171, guid: 3936c72d4e52e4c48b86bfab56ba9cb2, type: 3}
      propertyPath: m_LocalRotation.x
      value: -0
      objectReference: {fileID: 0}
    - target: {fileID: 6750243162705002171, guid: 3936c72d4e52e4c48b86bfab56ba9cb2, type: 3}
      propertyPath: m_LocalRotation.y
      value: 1
      objectReference: {fileID: 0}
    - target: {fileID: 6750243162705002171, guid: 3936c72d4e52e4c48b86bfab56ba9cb2, type: 3}
      propertyPath: m_LocalRotation.z
      value: -0
      objectReference: {fileID: 0}
    - target: {fileID: 6750243162705002171, guid: 3936c72d4e52e4c48b86bfab56ba9cb2, type: 3}
      propertyPath: m_LocalEulerAnglesHint.x
      value: 0
      objectReference: {fileID: 0}
    - target: {fileID: 6750243162705002171, guid: 3936c72d4e52e4c48b86bfab56ba9cb2, type: 3}
      propertyPath: m_LocalEulerAnglesHint.y
      value: 90
      objectReference: {fileID: 0}
    - target: {fileID: 6750243162705002171, guid: 3936c72d4e52e4c48b86bfab56ba9cb2, type: 3}
      propertyPath: m_LocalEulerAnglesHint.z
      value: 0
      objectReference: {fileID: 0}
    - target: {fileID: 8587036742906214453, guid: 3936c72d4e52e4c48b86bfab56ba9cb2, type: 3}
      propertyPath: m_Name
      value: Blastdoor
      objectReference: {fileID: 0}
    m_RemovedComponents: []
  m_SourcePrefab: {fileID: 100100000, guid: 3936c72d4e52e4c48b86bfab56ba9cb2, type: 3}
--- !u!1 &5087480930152425272 stripped
GameObject:
  m_CorrespondingSourceObject: {fileID: 8587036742906214453, guid: 3936c72d4e52e4c48b86bfab56ba9cb2, type: 3}
  m_PrefabInstance: {fileID: 3580665823505276685}
  m_PrefabAsset: {fileID: 0}
--- !u!4 &7790307046970335670 stripped
Transform:
  m_CorrespondingSourceObject: {fileID: 6750243162705002171, guid: 3936c72d4e52e4c48b86bfab56ba9cb2, type: 3}
  m_PrefabInstance: {fileID: 3580665823505276685}
  m_PrefabAsset: {fileID: 0}
